<?xml version="1.0" encoding="UTF-8"?><collection xmlns="http://www.loc.gov/MARC21/slim"><record><leader>00483nam--2200169-i-4500</leader><controlfield tag="001">000034598</controlfield><controlfield tag="002">20161230</controlfield><controlfield tag="005">20170123171706</controlfield><controlfield tag="008">060222s1000------------r-----000-0-eng-d</controlfield><datafield ind1=" " ind2=" " tag="080"><subfield code="a">621.47:523.9-7</subfield></datafield><datafield ind1=" " ind2=" " tag="100"><subfield code="a">Neville, Richard C</subfield></datafield><datafield ind1=" " ind2=" " tag="245"><subfield code="a">Solar energy conversion: the solar cell</subfield></datafield><datafield ind1=" " ind2=" " tag="260"><subfield code="a">Amsterdam</subfield><subfield code="b">Elsevier Scientific Publ.Comp</subfield><subfield code="c">1978</subfield></datafield><datafield ind1=" " ind2=" " tag="300"><subfield code="a">X+297 p</subfield></datafield><datafield ind1=" " ind2=" " tag="490"><subfield code="a">Studies In Electrical And Electronic Engineering</subfield></datafield><datafield ind1=" " ind2=" " tag="852"><subfield code="a">49075</subfield></datafield><datafield ind1=" " ind2=" " tag="CAT"><subfield code="a">SYS</subfield><subfield code="c">20170123</subfield><subfield code="h">171706</subfield></datafield></record></collection>